% Possible styles: plain unsrt abbrv alpha abstract acn
% authordate1 apa named

@article{Xarticle,
    author    = "NoAuthor",
    title     = "{The LaTex Companion}",
    journal   = "NoJournal",
    year      = "0000",
}
%volume   = "",
%number   = "",
%pages    = "",
%month    = "",
%note     = "",


@booklet{Xbooklet,  
    title     = "NoTitle",
    year      = "0000",
}
%author   = "",
%howpublished   = "",
%address  = "",
%month    = "",
%note     = "",


@conference{Xconference,
    author    = "NoAuthor",
    title     = "NoTitle",
    booktitle = "NoBookTitle",
    year      = "0000",
}
%editor   = "",
%volume   = "",
%number   = "",
%series   = "",
%pages    = "",
%address  = "",
%month    = "",
%publisher= "",
%note     = "",


@techreport{Xtreport,
    author    = "NoAuthor",
    title     = "NoTitle",
    institution = "NoInstitution",
    year      = "0000",
}
%type     = "", 
%number   = "",
%address  = "",
%month    = "",
%note     = "",


@mastersthesis{Xthesis,
    author    = "NoAuthor",
    title     = "NoTitle",
    school    = "NoSchool",
    year      = "0000",
}
%type     = "diploma thesis",
%address  = "",
%month    = "",
%note     = "",


@misc{Xmisc,
}
%author    = "",
%title     = "",
%howpublished = "",
%year     = "0000",
%month    = "",
%note     = "",