% Our References. %
@inproceedings{RSM2005,
 author = {Dachsbacher, Carsten and Stamminger, Marc},
 title = {Reflective shadow maps},
 booktitle = {Proceedings of the 2005 symposium on Interactive 3D graphics and games},
 series = {I3D '05},
 year = {2005},
 isbn = {1-59593-013-2},
 location = {Washington, District of Columbia},
 pages = {203--231},
 numpages = {29},
 url = {http://doi.acm.org/10.1145/1053427.1053460},
 doi = {10.1145/1053427.1053460},
 acmid = {1053460},
 publisher = {ACM},
 address = {New York, NY, USA},
 keywords = {hardware-assisted rendering, indirect illumination}, 
}

@inproceedings{SII06,
 author = {Dachsbacher, Carsten and Stamminger, Marc},
 title = {Splatting indirect illumination},
 booktitle = {Proceedings of the 2006 symposium on Interactive 3D graphics and games},
 series = {I3D '06},
 year = {2006},
 isbn = {1-59593-295-X},
 location = {Redwood City, California},
 pages = {93--100},
 numpages = {8},
 url = {http://doi.acm.org/10.1145/1111411.1111428},
 doi = {10.1145/1111411.1111428},
 acmid = {1111428},
 publisher = {ACM},
 address = {New York, NY, USA},
 keywords = {global illumination, hardware-assisted rendering, real-time rendering, shadow maps},
}

@inproceedings{LPV09,
 author = {Kaplanyan, Anton and Dachsbacher, Carsten},
 title = {Cascaded light propagation volumes for real-time indirect illumination},
 booktitle = {Proceedings of the 2010 ACM SIGGRAPH symposium on Interactive 3D Graphics and Games},
 series = {I3D '10},
 year = {2010},
 isbn = {978-1-60558-939-8},
 location = {Washington, D.C.},
 pages = {99--107},
 numpages = {9},
 url = {http://doi.acm.org/10.1145/1730804.1730821},
 doi = {10.1145/1730804.1730821},
 acmid = {1730821},
 publisher = {ACM},
 address = {New York, NY, USA},
 keywords = {global illumination, real-time rendering}, 
}


@inproceedings{VSM2006,
 author = {Donnelly, William and Lauritzen, Andrew},
 title = {Variance shadow maps},
 booktitle = {Proceedings of the 2006 symposium on Interactive 3D graphics and games},
 series = {I3D '06},
 year = {2006},
 isbn = {1-59593-295-X},
 location = {Redwood City, California},
 pages = {161--165},
 numpages = {5},
 url = {http://doi.acm.org/10.1145/1111411.1111440},
 doi = {10.1145/1111411.1111440},
 acmid = {1111440},
 publisher = {ACM},
 address = {New York, NY, USA},
 keywords = {graphics hardware, real-time rendering, shader programming, shadow maps}, 
}

@ARTICLE{FSAT05,
    author = {Justin Hensley and Thorsten Scheuermann and Greg Coombe and Montek Singh and Anselmo Lastra},
    title = {Fast summed-area table generation and its applications},
    journal = {Computer Graphics Forum},
    year = {2005},
    volume = {24},
    pages = {547--555}
}

@incollection{GGVSM07,
  author = "Andrew Lauritzen",
  title = "Summed-Area Variance Shadow Maps",
  chapter = "8",
  booktitle = "GPU Gems 3",
  publisher = {Addison-Wesley Professional},
  isbn = {9780321545428},
  url = {http://http.developer.nvidia.com/GPUGems3/gpugems3_ch08.html},
  year = {2007},
}

@incollection{GGGauss07,
  author = "Ken Turkowski",
  title = "Incremental Computation of the Gaussian",
  chapter = "40",
  booktitle = "GPU Gems 3",
  publisher = {Addison-Wesley Professional},
  isbn = {9780321545428},
  url = {http://http.developer.nvidia.com/GPUGems3/gpugems3_ch40.html},
  year = {2007},
}

% Premade references. %
@article{Aila2003,
  author    = {Timo Aila and Ville Miettinen and Petri Nordlund},
  title     = "{Delay Streams for Graphics Hardware}",
  journal   = {ACM Transactions on Graphics,},
  pages     = {792--800},
  year      = {2003},
  volume    = 22,
  number    = 3,
}

@article{AkenineMoller2003,
  author    = {Tomas Akenine-M\"oller and Jacob Str\"om},
  title     = "{Graphics for the Masses: A Hardware Rasterization Architecture for Mobile Phones}",
  journal   = {ACM Transactions on Graphics,},
  pages     = {801--808},
  year      = {2003},
  volume    = 22,
  number    = 3,
}

@inproceedings{Cox93,
  author = "Michael Cox and Pat Hanrahan",
  title = "{Pixel Merging for Object-Parallel Rendering: a Distributed Snooping Algorithm}",
  booktitle = "Symposium on Parallel Rendering",
  year = 1993,
  month = "November",
  pages="49--56",
  organization="ACM SIGGRAPH",
}

@inproceedings{Greene93,
  author = "Ned Greene and Michael Kass and Gavin Miller",
  title = "{Hierarchical Z-Buffer Visibility}",
  booktitle = "Proceedings of ACM SIGGRAPH 93",
  pages = "231--238",
  year = 1993,
  month = "August",
  organization="ACM Press",
}

@inproceedings{Hakura97,
  author = "Ziyad S. Hakura and Anoop Gupta",
  title = "{The Design and Analysis of a Cache Architecture for Texture Mapping}",
  booktitle = "24th International Symposium of Computer Architecture",
  year = 1997,
  month = "June",
  pages="108--120",
  organization="ACM/IEEE",
}

@inproceedings{Igehy98,
  author = "Homan Igehy and Matthew Eldridge and Kekoa Proudfoot",
  title = "{Prefetching in a Texture Cache Architecture}",
  booktitle = "Workshop on Graphics Hardware",
  page ="133--142",
  year = 1998,
  month = "August",
  organization="ACM SIGGRAPH/Eurographics",
}

@inproceedings{Igehy99,
 author = {Homan Igehy and Matthew Eldridge and Pat Hanrahan},
 title = "{Parallel Texture Caching}",
 booktitle = {Graphics hardware},
 year = {1999},
 pages = {95--106},
 publisher = {ACM Press},
 }

@article{Knittel96,
  author = {G. Knittel and A. Schilling and A. Kugler and W. Strasser},
  title = "{Hardware for Superior Texture Performance}",
  journal = "{Computers \& Graphics}",
  volume = 20,
  number = 4,
  pages = "475--481",
  month = "July",
  year = 1996,
}

@article{McCabe98,
  author = "Dan McCabe and John Brothers",
  title = "{DirectX 6 Texture Map Compression}",
  journal = "Game Developer Magazine",
  volume = 5,
  number = 8,
  pages = "42--46",
  month = "August",
  year = 1998,
}

@inproceedings{McCool2001,
  author = "Michael D. McCool and Chris Wales and Kevin Moule",
  title = "{Incremental and Hierarchical Hilbert Order Edge Equation Polygon Rasterization}",
  booktitle = "Graphics Hardware",
  page ="65--72",
  year = 2002,
  organization="ACM SIGGRAPH/Eurographics",
}

@article{McCormack98,
  author = "Joel McCormack and Bob McNamara and Christopher Gianos and Larry
            Seiler and Norman P. Jouppi and Ken Corell and Todd Dutton and John Zurawski",
  title = "{Implementing Neon: A 256-Bit Graphics Accelerator}",
  journal = "IEEE Micro",
  volume = 19,
  number = 2,
  pages = "58--69",
  month = "March/April",
  year = 1999,
}

@inproceedings{McCormack2000,
  author = "Joel McCormack and Robert McNamara",
  title = "{Tiled Polygon Traversal Using Half-Plane Edge Functions}",
  booktitle = "Workshop on Graphics Hardware",
  page ="15--22",
  year = 2000,
  month = "August",
  organization="ACM SIGGRAPH/Eurographics",
}

@inproceedings{Morein2000,
  author = "Steve Morein",
  title = "{ATI Radeon HyperZ Technology}",
  booktitle = "Workshop on Graphics Hardware, Hot3D Proceedings",
  year = 2000,
  month = "August",
  organization="ACM SIGGRAPH/Eurographics",
}

@INBOOK{Owens2005,
  AUTHOR =       {John Owens},
  editor =       {Matt Pharr},
  TITLE =        {GPUGems 2},
  CHAPTER =      "{Streaming Architectures and Technology Trends}",
  pages =        {457--470},
  PUBLISHER =    {Addison-Wesley Professional},
  YEAR =         {2005},
}

@inproceedings{Pineda88,
  author = "Juan Pineda",
  title = "{A Parallel Algorithm for Polygon Rasterization}",
  booktitle = "Computer Graphics (Proceedings of ACM SIGGRAPH 88)",
  pages = "17--20",
  year = 1988,
  month = "August",
  organization="ACM",
}

@inproceedings{Williams83,
  author = "Lance Williams",
  title = "{Pyramidal Parametrics}",
  booktitle = "Computer Graphics (Proceedings of ACM SIGGRAPH 83)",
  pages = "1--11",
  year = 1983,
  month = "July",
  organization="ACM",
}
